
@phdthesis{laabs2019,
	title = {Populations- und Landnutzungsmodellierung der neolithischen und bronzezeitlichen Westschweiz},
	author = {Laabs, Julian},
	year = {2019},
	date = {2019},
	address = {Bern}
}

@article{martínez-grau2021,
	title = {Radiocarbon Dates Associated to Neolithic Contexts (Ca. 5900 {\textendash} 2000 Cal BC) from the Northwestern Mediterranean Arch to the High Rhine Area},
	author = {{Martínez-Grau}, {Héctor} and Morell-Rovira, Berta and {Antolín}, Ferran},
	year = {2021},
	month = {03},
	date = {2021-03-17},
	journal = {Journal of Open Archaeology Data},
	pages = {1},
	volume = {9},
	number = {0},
	doi = {10.5334/joad.72},
	url = {http://openarchaeologydata.metajnl.com/articles/10.5334/joad.72/},
	note = {Number: 0
Publisher: Ubiquity Press},
	langid = {en}
}
