
@phdthesis{laabs2019,
	title = {Populations- und Landnutzungsmodellierung der neolithischen und bronzezeitlichen Westschweiz},
	author = {Laabs, Julian},
	year = {2019},
	date = {2019},
	address = {Bern}
}

@article{williams2018,
	title = {The Neotoma Paleoecology Database, a multiproxy, international, community-curated data resource},
	author = {Williams, John W. and Grimm, Eric C. and Blois, Jessica L. and Charles, Donald F. and Davis, Edward B. and Goring, Simon J. and Graham, Russell W. and Smith, Alison J. and Anderson, Michael and Arroyo-Cabrales, Joaquin and Ashworth, Allan C. and Betancourt, Julio L. and Bills, Brian W. and Booth, Robert K. and Buckland, Philip I. and Curry, B. Brandon and Giesecke, Thomas and Jackson, Stephen T. and Latorre, Claudio and Nichols, Jonathan and Purdum, Timshel and Roth, Robert E. and Stryker, Michael and Takahara, Hikaru},
	year = {2018},
	month = {01},
	date = {2018-01},
	journal = {Quaternary Research},
	pages = {156--177},
	volume = {89},
	number = {1},
	doi = {10.1017/qua.2017.105},
	url = {https://www.cambridge.org/core/journals/quaternary-research/article/neotoma-paleoecology-database-a-multiproxy-international-communitycurated-data-resource/1E1C9EB07ADFF01182BCB69A08E1C755},
	note = {Publisher: Cambridge University Press},
	langid = {en}
}

@article{martínez-grau2021,
	title = {Radiocarbon Dates Associated to Neolithic Contexts (Ca. 5900 {\textendash} 2000 Cal BC) from the Northwestern Mediterranean Arch to the High Rhine Area},
	author = {{Martínez-Grau}, {Héctor} and Morell-Rovira, Berta and {Antolín}, Ferran},
	year = {2021},
	month = {03},
	date = {2021-03-17},
	journal = {Journal of Open Archaeology Data},
	pages = {1},
	volume = {9},
	number = {0},
	doi = {10.5334/joad.72},
	url = {http://openarchaeologydata.metajnl.com/articles/10.5334/joad.72/},
	note = {Number: 0
Publisher: Ubiquity Press},
	langid = {en}
}
